@book{DeFinetti1972,
  author    = {De Finetti, B.},
  title     = {Probability, Induction and Statistics: The Art of Guessing},
  year      = {1972},
  publisher = {J. Wiley},
  isbn      = {9780471201403},
}

@article{Stuart2018,
  author  = {Stuart, Andrew and Teckentrup, Aretha},
  title   = {Posterior consistency for {G}aussian process approximations of {B}ayesian posterior distributions},
  journal = {Mathematics of Computation},
  year    = {2018},
  volume  = {87},
  number  = {310},
  pages   = {721--753},
}

@article{Straub2016,
  author    = {Straub, Daniel and Papaioannou, Iason and Betz, Wolfgang},
  title     = {Bayesian analysis of rare events},
  journal   = {Journal of Computational Physics},
  year      = {2016},
  volume    = {314},
  pages     = {538--556},
  publisher = {Elsevier},
}

@book{Savage1972,
  author    = {Savage, L.J.},
  title     = {The Foundations of Statistics},
  year      = {1972},
  publisher = {Dover Publications},
  isbn      = {9780486623498},
}

@book{Halpern2017,
  author    = {Halpern, Joseph Y},
  title     = {{Reasoning About Uncertainty}},
  year      = {2017},
  publisher = {{MIT Press}},
}

@book{Gilboa2009,
  author    = {Gilboa, Itzhak},
  title     = {Theory of Decision Under Uncertainty},
  year      = {2009},
  publisher = {{Cambridge University Press}},
}
